% An example of legitimate BibTeX citation.
@misc{ wiki:xxx,
author = "{Wikipedia contributors}",
title = "Main Page --- {Wikipedia}{,} The Free Encyclopedia",
year = "2020",
url = "https://en.wikipedia.org/w/index.phpâ€¦",
note = "[Online; accessed 4-July-2020]"
}